
@article{Ahmed,
  author    = (Zafar Ahmed and
               Knut Dale and
               George Lamb},
  title     = (Definitely an Integral: 10884},
  journal   = (The American Mathematical Monthly},
  volume    = (109},
  number    = (7},
  year      = (2002},
  pages     = (670-671},
  ee        = (http://www.jstor.org/stable/3072448},
  bibsource = (DBLP, http://dblp.uni-trier.de"
}

@article{Flanders,
  author    = (Harley Flanders},
  title     = (On the Fresnel Integrals},
  journal   = (The American Mathematical Monthly},
  volume    = (89},
  number    = (4},
  year      = (1982},
  pages     = (264-266},
  ee        = (http://www.jstor.org/stable/2320230},
  bibsource = (DBLP, http://dblp.uni-trier.de"
}


@article{Pomerance96atale,
    author = {Carl Pomerance},
    title = {A tale of two sieves},
    journal = {Notices American Mathematical Society},
    year = {1996},
    volume = {43},
    pages = {1473--1485},
    note = {\url{http://www.ams.org/notices/199612/pomerance.pdf}},
}

@TECHREPORT{Briggs98anintroduction,
    author = {Matthew E. Briggs},
    title = {An Introduction to the General Number Field Sieve},
    year = {1998},
    note = {\url{http://www.math.vt.edu/people/brown/doc/briggs_gnfs_thesis.pdf}},
}

@article{Lenstra,
	author = {H. W. Lenstra},
	journal = {Annals of Mathematics},
	number = {3},
	pages = {649-673},
	publisher = {Annals of Mathematics},
	title = {Factoring Integers with Elliptic Curves},
	volume = {126},
	year = {1987},
	note = {http://www.jstor.org/stable/1971363}
}

@article{Takahashi,
	author = {Daisuke Takahashi},
	title = {A fast algorithm for computing large Fibonacci numbers},
	journal = {Information Processing Letters},
	volume = {75},
	number = {6},
	pages = {243 - 246},
	year = {2000},
	issn = {0020-0190},
	note = {\url{http://www.math.tamu.edu/~snpolloc/math491_691/Takahashi00.pdf}}
}


